<?xml version="1.0" encoding="UTF-8"?><collection xmlns="http://www.loc.gov/MARC21/slim"><record><leader>00409nam--2200133-i-4500</leader><controlfield tag="001">000003799</controlfield><controlfield tag="002">20161230</controlfield><controlfield tag="005">20161230201025</controlfield><controlfield tag="008">060222s1000------------r-----000-0-eng-d</controlfield><datafield ind1=" " ind2=" " tag="080"><subfield code="a">519</subfield></datafield><datafield ind1=" " ind2=" " tag="100"><subfield code="a">Dunin-barakovski, I.V.Si Smirnov, N.V</subfield></datafield><datafield ind1=" " ind2=" " tag="245"><subfield code="a">Teoria probabilitatilor si statistica matematica in tehnica. partea generala</subfield></datafield><datafield ind1=" " ind2=" " tag="260"><subfield code="a">Bucuresti, Institutul De Studii Romino- Sovietic, 1955</subfield></datafield><datafield ind1=" " ind2=" " tag="852"><subfield code="a">26137</subfield></datafield></record></collection>